<?xml version="1.0" encoding="UTF-8"?><collection xmlns="http://www.loc.gov/MARC21/slim"><record><leader>00473nam--2200133-i-4500</leader><controlfield tag="001">000014159</controlfield><controlfield tag="002">20161230</controlfield><controlfield tag="005">20161230201030</controlfield><controlfield tag="008">060222s1000------------r-----000-0-eng-d</controlfield><datafield ind1=" " ind2=" " tag="080"><subfield code="a">621.9(043)</subfield></datafield><datafield ind1=" " ind2=" " tag="100"><subfield code="a">Chrostoph, Georg L</subfield></datafield><datafield ind1=" " ind2=" " tag="245"><subfield code="a">Optimierung eines kurvengetriebes mit umlaufen dem steg zur verwendung als bahnfuhrungsgetrie be eines arbeitsoranges in verabeitungsmaschin en.diss</subfield></datafield><datafield ind1=" " ind2=" " tag="260"><subfield code="a">Braunschweig, Technischen Universitat, 1981. 105 P. + Fig</subfield></datafield><datafield ind1=" " ind2=" " tag="852"><subfield code="a">700077</subfield></datafield></record></collection>